@misc{Gathmann20-21,
  author = {Andreas Gathmann},
  title = {Algebraic Geometry},
  year = {2020}, 
}

@misc{Gathmann14,
    author = {Andreas Gathmann},
    title = {Algebraic Geometry},
    year = {2014},
}


@misc{Gathmann02-03,
    author = {Andreas Gathmann}, 
    title = {Algebraic Geometry}, 
    year = {2002},
}

@book{Atiyah1994,
  title={Introduction To Commutative Algebra},
  author={Atiyah, M.F. and MacDonald, I.G.},
  isbn={9780813345444},
  series={Addison-Wesley series in mathematics},
  url={https://books.google.com/books?id=HOASFid4x18C},
  year={1994},
  publisher={Avalon Publishing}
}

@book{Harts77,
  title={Algebraic Geometry},
  author={Hartshorne, R.},
  isbn={9780387902449},
  lccn={lc77001177},
  series={Graduate Texts in Mathematics},
  url={https://books.google.com/books?id=3rtX9t-nnvwC},
  year={1977},
  publisher={Springer}
}

@book{Vakil2024,
  author    = {Ravi Vakil},
  title     = {The Rising Sea: Foundations of Algebraic Geometry},
  year      = {2024},
  url       = {http://math.stanford.edu/~vakil/216blog/FOAGfeb2124public.pdf}
}

@book {Atiyah1969,
    AUTHOR = {Atiyah, M. F. and Macdonald, I. G.},
     TITLE = {Introduction to commutative algebra},
 PUBLISHER = {Addison-Wesley Publishing Co., Reading, Mass.-London-Don
              Mills, Ont.},
      YEAR = {1969},
     PAGES = {ix+128},
   MRCLASS = {13.00},
  MRNUMBER = {242802},
MRREVIEWER = {Johnny\ A.\ Johnson},
}